@article {SPURV,
	title = "SPURV - The First Decade",
	author = "Widditsch HR",
	publisher = "Applied Physics Labratory, Univerity of Washington",
	year = "1973"
}

@online {TITAN_IMPLOSION,
	author = "BBC News",
	title = "Remaining debris from destroyed Titan sub found on Atlantic seabed",
	date = "2024-10-11",
	url = "https://www.bbc.co.uk/news/world-us-canada-67073535"
}

@online {COURSERA_PROJECT_VIDEO, 
	author = "University of London",
	title = "Module Author Interviews - Project Templates",
	url = "NEEDED"
}

@online {COURSERA_PROJECT_PERMISSION, 
	author = "Richard Sefton",
	title = "Project Template",
	url = "NEEDED"
}

@online {BRICK_EXPERIMENT_CHANNEL_PROFILE, 
	author = "Brick Experiment Channel",
	title = "Brick Experiment Channel",
	url = "https://www.youtube.com/c/BrickExperimentChannel"
}

@online {BRICK_EXPERIMENT_CHANNEL_BLOG, 
	author = "Brick Experiment Channel",
	title = "Brick Experiment Channel",
	url = "https@//brickexperimentchannel.wordpress.com/"
}

@article {AUV_COST, 
	title = "Underwater robots: Autonomous Underwater Vehicles (AUVs)",
	author = "Project Oceanography",
	year = "1999",
	publisher = "Ocean Technology"
}