@online{COURSERA_PROJECT_VIDEO,
	author = "University of London",
	title  = "Module Author Interviews - Project Templates",
	url    = "https://www.coursera.org/learn/uol-cm3070-computer-science-final-project/lecture/xTXbf/module-author-interviews-project-templates"
}

@online{COURSERA_PROJECT_PERMISSION,
	author = "Richard Sefton",
	title = "Project Template",
	url = "https://www.coursera.org/learn/uol-cm3070-computer-science-final-project/discussions/groups/nZogU_NUEe6kARIL6JjJgQ/threads/SPXNkveKEe6EwA4ifGOouQ"
}

@online{BRICK_EXPERIMENT_CHANNEL_PROFILE,
	author = "Brick Experiment Channel",
	title = "Brick Experiment Channel",
	url = "https://www.youtube.com/c/BrickExperimentChannel"
}

@online{BRICK_EXPERIMENT_CHANNEL_BLOG,
	author = "Brick Experiment Channel",
	title = "Brick Experiment Channel",
	url = "https://brickexperimentchannel.wordpress.com/"
}

@online{ADVANCED_NAVIGATION_HYDRUS,
	author = "Advanced Navigation",
	title = "Hydrus",
	url = "https://www.advancednavigation.com/robotics/micro-auv/hydrus"
}

@online{RS_AQUA,
	author = "RS Aqua",
	title = "Products",
	url = "https://rsaqua.co.uk/product_specialism/autonomy-robotic-systems/"
}

@online{WOODS_HOLE,
	author = "Woods Hole Oceanographic Institute",
	title = "auvs",
	url = "https://www.whoi.edu/what-we-do/explore/underwater-vehicles/auvs/ "
}

@online{WOODS_HOLE_REMUS,
	author = "Woods Hole Oceanographic Institute",
	title = "Remus",
	url = "https://www.whoi.edu/what-we-do/explore/underwater-vehicles/auvs/remus/"
}

@online{WOODS_HOLE_MESOBOT,
	author = "Woods Hole Oceanographic Institute",
	title = "Mesobot",
	url = "https://www.whoi.edu/what-we-do/explore/underwater-vehicles/auvs/mesobot/"
}

@online{WOODS_HOLE_SPRAY_GLIDER,
	author = "Woods Hole Oceanographic Institute",
	title = "Spray Glider",
	url = "https://www.whoi.edu/what-we-do/explore/underwater-vehicles/auvs/spray-glider/"
}

@online{NATIONAL_OCEANOGRAPHIC_AUTOSUBS,
	author = "National Oceanographic Institute",
	title = "Autosubs",
	url = "https://noc.ac.uk/facilities/marine-autonomous-robotic-systems/autosubs"
}

@article{AUV_PPF,
	title="Autonomous Underwater Vehicles (AUVs): Their past, present and future
	contributions to the advancement of marine geoscience",
	author="Russel B Wynn and Veerle AI Huvenne and Timothy P Le Bas and Bramley J Murton and Douglas P Connelly and Brian J Bett and Henry A Ruhl and Kirsty J Morris and Jeffery Peakall and Daniel R Parsons and Esther J Summer and Stephen E Darby and Robert M Dorrell and James E Hunt",
	journal="Elsevier",
	volume="352",
	pages="451-468",
	year="2014",
	publisher="ScienceDirect"
}

@online{ATTINY1627,
	author = "Microchip",
	title  = "ATtiny1624/1626/1627 Data Sheet",
	date   = "",
	url    = "https://ww1.microchip.com/downloads/aemDocuments/documents/MCU08/ProductDocuments/DataSheets/ATtiny1624-26-27-DataSheet-DS40002234B.pdf"
}

@online{MARITIME_DEATHS,
	author = "Eurostats",
	title  = "Maritime accident fatalities in the EU",
	year   = "2023",
	month  = "11",
	url    = "https://ec.europa.eu/eurostat/statistics-explained/index.php?title=Maritime_accident_fatalities_in_the_EU&oldid=541651"
}

@online{TITAN_IMPLOSION,
	author = "BBC News",
	title  = "Remaining debris from destroyed Titan sub found on Atlantic seabed",
	date   = "2024-10-11",
	url    = "https://www.bbc.co.uk/news/world-us-canada-67073535"
}

@article{I2C,
	title="FEATURE, OPERATION PRINCIPLE AND LIMITS OF SPI AND I2C COMMUNICATION PROTOCOLS FOR SMART OBJECTS: A NOVEL SPI-BASED HYBRID PROTOCOL ESPECIALLY SUITABLE FOR IoT APPLICATIONS",
	author="P Visconti and G Giannotta and R Brama and P Primiceri and A Malvasi and A Centuori",
	journal="International Journal on Smart Sensing and Intelligent Systems",
	volume="10",
	pages="262-295",
	year="2017"
}

@online{I2C_FAST,
	author = "I2C Bus",
	title  = "Fast Mode",
	url    = "https://www.i2c-bus.org/fastmode/"
}

@article{ACTIVESONAR_HISTORY,
	title="A Breif History of Active Sonar",
	author="Angela D'Amico and Richard Pittenger",
	journal="Aquatic Mammels",
	volume="35",
	pages="426-434",
	year="2009"
}

@online{TRANSDUCER_YOUTUBE,
	author = "scanlime",
	title  = "Ultrasonic Transducer - scanlime:011",
	url    = "https://www.youtube.com/watch?v=VuzytIcSxwI"
}

@online{HF_SONAR,
	author = "Wolfram",
	title  = "High-Frequency Sonar Performance",
	url    = "https://demonstrations.wolfram.com/HighFrequencySonarPerformance/"
}

@online{HC-SR04,
	author = "Elec Freaks",
	title  = "Ultrasonic Ranging Module HC - SR04",
	url    = "
	https://cdn.robotshop.com/media/s/spa/rb-spa-1388/pdf/hcsr04-ultrasonic-range-finder.pdf"
}

@article{SOS_CALC,
	title="Correction factors in determining speed of sound amoung freshmen in undergraduate physics laboratory",
	author="A Lulfiyah et al",
	journal="Journal of Physics",
	volume="997",
	year="2018"
}

@article{USONIC_MOTION_DET,
	title="Design and Development of an Ultrasonic Motion Detector",
	author="Murtala Zungeru Adamu",
	journal="International Journal of Security Privacy and Trust Management",
	year="2013"
}

@book{MAKE_AVR,
	title="Make: AVR Programming",
	author="Elliot Williams",
	publisher="Maker Media Inc.",
	year="2015"
}

@article{UNDERWATER_RADIO,
	title="A Topology Control with Energy Balance in Underwater WIreless Sensor Networks for IoT-Based Applications",
	author="Zhen Hong and Xiaoman Pan and Ping Chen and Xianchuang Su and Ning Wang and Wenqi Lu",
	journal="Sensors",
	year="2018"
}

@online{RADIO_FREQ_TABLE,
	author = "Ofcom",
	title  = "UK Frequency Allocation Table",
	url    = "http://static.ofcom.org.uk/static/spectrum/fat.html",
	year   = "2022",
	month  = "8",
	day    = "3"
}

@online{GCC_AVR,
	author = "gcc",
	title  = "avr-gcc documentation",
	url    = "https://gcc.gnu.org/wiki/avr-gcc",
	year   = "2024",
	month  = "27",
	day    = "4"
}

@online{AVRDUDE,
	author = "avrdude",
	title  = "avrdude documentation",
	url    = "https://avrdudes.github.io/avrdude/7.2/avrdude.pdf",
	year   = "2023",
	month  = "15",
	day    = "7"
}

@online{PING2,
	author = "Blue Robotics",
	title  = "Ping2 Sonar Altimeter and Echosounder",
	url    = "https://bluerobotics.com/store/sonars/echosounders/ping-sonar-r2-rp/"
}

@online{REACT_NATIVE,
	author = "Meta",
	title  = "React Native documentation",
	url    = "https://reactnative.dev/"
}

@online{8266,
	author = "Espressif",
	title  = "ESP8266EX Datasheet",
	url    = "https://components101.com/sites/default/files/component_datasheet/ESP8266%20NodeMCU%20Datasheet.pdf"
}

@online{GITHUB_PROJECTS_DOCUMENTATION,
	author = "GitHub",
	title  = "About Projects",
	url    = "https://docs.github.com/en/issues/planning-and-tracking-with-projects/learning-about-projects/about-projects"
}

@online{GITHUB_REPO,
	author = "Richard Sefton",
	title  = "AUV",
	url    = "https://github.com/RichardSefton/AUV"
}

@online{GITHUB_PROJECT,
	author = "Richard Sefton",
	title  = "AUV",
	url    = "https://github.com/users/RichardSefton/projects/1"
}

@online{PLASTIC_TRANSDUCER,
	author = "Multicomp Pro",
	title  = "Ultrasonic Transmitter",
	url    = "https://www.farnell.com/datasheets/3771805.pdf"
}

@online{ALUMINIUM_TRANSDUCER,
	author = "Multicomp Pro",
	title  = "Ultrasonic Sensor",
	url    = "https://www.farnell.com/datasheets/3771814.pdf"
}

@online{MICROCHIP_TWI,
	author = "Microchip",
	title  = "What is TWI? How to Configure the TWI for I2C Communication",
	url    = "https://ww1.microchip.com/downloads/en/DeviceDoc/90003181A.pdf"
}

@online{ARDUINO_WIRE,
	author = "Arduino",
	title  = "Wire.h",
	url    = "https://github.com/arduino/ArduinoCore-renesas/tree/main/libraries/Wire"
}

@online{MEGATINYCORE,
	author = "megaTinyCore",
	title  = "Spence Konde",
	url    = "https://github.com/SpenceKonde/megaTinyCore"
}

@online{MEGATINYCORE_WIRE,
	author = "megaTinyCore TwoWire",
	title  = "Spence Konde",
	url    = "https://github.com/SpenceKonde/megaTinyCore/tree/master/megaavr/libraries/Wire/src"
}




